@article{okada2020,
  title   = {{視覚と行動のend-to-end学習により経路追従行動を
  オンラインで模倣する手法の提案}},
  author  = {岡田眞也，清岡優祐，上田隆一，林原靖男: },
  publisher ={計測自動制御学会},
  journal = {計測自動制御学会SI部門講演会SICE-SI2020 予稿集},
  year    = {2020},
  pages   = {1147-1152}
}
@article{okada2021,
  author  = {岡田眞也，清岡優祐，春山健太，上田隆一，林原靖男},
  title   = {{視覚と行動のend-to-end学習により経路追従行動を
  オンラインで模倣する手法の提案 -経路追従行動の修正のためにデータセットを動的に追加する手法の検討-}},
  publisher ={計測自動制御学会},
  journal = {計測自動制御学会SI部門講演会SICE-SI2021 予稿集},
  year    = {2021},
  pages   = {1066-1070}
}
@article{shimada2020,
  title   = {{トポロジカルマップを用いたシナリオによるナビゲーションの提案 
  -シナリオに基づく実ロボットのナビゲーション-}},
  author  = {島田滉己，上田隆一，林原靖男},
  publisher = {計測自動制御学会},
  journal = {計測自動制御学会SI部門講演会SICE2020 予稿集},
  year    = {2020},
  pages   = {1H2-04}
}
@article{codevilla2018endtoend,
      title={End-to-end Driving via Conditional Imitation Learning}, 
      author={Felipe Codevilla，Matthias Müller，Antonio López，Vladlen Koltun，Alexey Dosovitskiy},
      year={2018},
      eprint={1710.02410},
      archivePrefix={arXiv},
      primaryClass={cs.RO}
}

@article{adam,
      title={“Adam: A Method for Stochastic Optimization"}, 
      author={Diederik P. Kingma，Jimmy Ba},
      year={2017},
      eprint={1412.6980},
      archivePrefix={arXiv},
      primaryClass={cs.LG}
}
@inproceedings{relu,
  added-at = {2022-06-07T12:08:40.000+0200},
  author = {Nair Vinod，Hinton Geoffrey E},
  biburl = {https://www.bibsonomy.org/bibtex/2a0b7deb2839b69a52fcfcc15b7277a2a/georgheyer},
  booktitle = {ICML 2010},
  interhash = {acefcb0a5d1a937232f02f3fe0d5ab86},
  intrahash = {a0b7deb2839b69a52fcfcc15b7277a2a},
  keywords = {},
  pages = {807--814},
  timestamp = {2022-06-07T12:08:40.000+0200},
  title = {Rectified linear units improve restricted boltzmann machines},
  year = 2010
}
@article{haruyama2022,
  title={視覚と行動のend-to-end学習により経路追従行動をオンラインで模倣する手法の提案
  -経路選択機能の追加-},
  author={春山健太，藤原柾，清岡優祐，岡田眞也，上田隆一，林原靖男},
  journal={日本機械学会ロボティクス・メカトロニクス講演会'22予稿集},
  pages={2P2-L05},
  year={2022}
}
@misc{gazebo,
author = {Gazebo},
title = {Gazebo},
howpublished = {\url{https://gazebosim.org/home}},
month = {},
year = {},
note = {(Accessed on 12/20/2023)}
}

@misc{ROBOTIS,
author = {ROBOTIS-GIT},
title = {turtlebot3},
howpublished = {\url{https://github.com/ROBOTIS-GIT/turtlebot3}},
month = {},
year = {},
note = {(Accessed on 12/20/2023)}
}
@article{fujiwara2023,
  title   = {{視覚と行動のend-to-end学習により経路追従行動をオンラインで模倣する手法の提案
  -実環境における経路選択機能の検証と学習時間の短縮化の検討-}},
  author  = {藤原柾，春山健太，馬場琉生，上田隆一，林原靖男},
  journal = {日本機械学会ロボティクス・メカトロニクス講演会'23予稿集},
  year    = {2023},
  pages ={2P2-G06}
}
@article{haruyama2023,
  title   = {{視覚と行動のend-to-end学習により経路追従行動をオンラインで模倣する手法の提案
  -トポロジカルマップとシナリオに基づく経路選択機能の追加と検討-}},
  author  = {春山健太，藤原柾，馬場琉生，石黒巧，上田隆一，林原靖男},
  publisher = {計測自動制御学会},
  journal = {計測自動制御学会SI部門講演会SICE2023 予稿集},
  year    = {2023},
  pages   = {1B4-03}
}

@misc{ros,
author = {ros-planning},
title = {ROS Navigation stack. Code for finding where the robot is and how it can get somewhere else.},
howpublished = {\url{https://github.com/ros-planning/navigation}},
month = {},
year = {},
note = {(Accessed on 12/20/2023)}
}
@misc{torcheval,
author = {pytorch},
title = {torcheval},
howpublished = {\url{https://github.com/pytorch/torcheval.git}},
month = {},
year = {},
note = {(Accessed on 12/20/2023)}
}
@misc{orne_nav,
author = {open-rdc},
title = {orne\_navigation},
howpublished = {\url{https://github.com/open-rdc/orne_navigation.git}},
month = {},
year = {},
note = {(Accessed on 12/20/2023)}
}
@misc{icart,
author = {T-frog Project},
title = {icart\_mini},
howpublished = {\url{https://t-frog.com/products/icart_mini/}},
month = {},
year = {},
note = {(Accessed on 12/20/2023)}
}
@ARTICLE{hukinko,
  author={He Haibo，Garcia Edwardo A},
  journal={IEEE Transactions on Knowledge and Data Engineering}, 
  title={Learning from Imbalanced Data}, 
  year={2009},
  volume={21},
  number={9},
  pages={1263-1284},
  doi={10.1109/TKDE.2008.239}}

@inproceedings{2004ConditionalRF,
  title={Conditional Random Fieldsを用いた日本語形態素解析},
  author={拓 工藤，薫子 山本，裕治 松本},
  year={2004},
  url={https://api.semanticscholar.org/CorpusID:118480919}
}
@INPROCEEDINGS{lrcn,
  author={Bhatt Dhaivat，Sodhi Danish，Pal Arghya，Balasubramanian Vineeth，Krishna Madhava},
  booktitle={2017 IEEE/RSJ International Conference on Intelligent Robots and Systems (IROS)}, 
  title={Have i reached the intersection: A deep learning-based approach for intersection detection from monocular cameras}, 
  year={2017},
  pages={4495-4500},
  doi={10.1109/IROS.2017.8206317}
  }
@INPROCEEDINGS{cost,
  author={Xu Jie，Li Yuxiang，Meng Fanjun，Zhang Dashun，Ye Yalan，Lu Li},
  booktitle={2021 International Conference on Intelligent Technology and Embedded Systems (ICITES)}, 
  title={“Fault Diagnosis on Imbalanced Data Using an Adaptive Cost-sensitive Multiscale Attention Network"}, 
  year={2021},
  pages={77-82},
  doi={10.1109/ICITES53477.2021.9637101}
  }
@inproceedings{alex,
 author = {Krizhevsky Alex，Sutskever Ilya，Hinton Geoffrey E},
 booktitle = {Advances in Neural Information Processing Systems},
 editor = {F. Pereira and C.J. Burges and L. Bottou and K.Q. Weinberger},
 pages = {},
 publisher = {Curran Associates, Inc.},
 title = {ImageNet Classification with Deep Convolutional Neural Networks},
 url = {https://proceedings.neurips.cc/paper_files/paper/2012/file/c399862d3b9d6b76c8436e924a68c45b-Paper.pdf},
 volume = {25},
 year = {2012}
}
@article{v3,
      title={Searching for MobileNetV3}, 
      author={Andrew Howard，Mark Sandler，Grace Chu，Liang-Chieh Chen，Bo Chen，Mingxing Tan，Weijun Wang，Yukun Zhu，Ruoming Pang，Vijay Vasudevan，Quoc V. Le，Hartwig Adam},
      year={2019},
      eprint={1905.02244},
      archivePrefix={arXiv},
      primaryClass={cs.CV}
  }